%% This BibTeX bibliography file was created using BibDesk.
%% http://bibdesk.sourceforge.net/
%% Saved with string encoding Unicode (UTF-8) 

@online{couchbase-download,
	title = "Couchbase - Downloads",
	date = "10.05.2016",
	url = "http://www.couchbase.com/nosql-databases/downloads",
	OPTlanguage = "English",
}

@online{couchbase-init-config,
	title = "Couchbase Server Documentation - ``Initial server setup using UI''",
	date = "10.05.2016",
	url = "http://developer.couchbase.com/documentation/server/4.1/install/init-setup.html",
	OPTlanguage = "English",
}

@online{couchbase-new-bucket,
	title = "Couchbase Server Documentation - ``Create a new bucket''",
	date = "12.05.2016",
	url = "http://developer.couchbase.com/documentation/server/current/clustersetup/create-bucket.html"
	OPTlanguage = "English",
}

@online{couchbase-buckets,
	title = "Couchbase Server Documentation - ``Buckets''",
	date = "12.05.2016",
	url = "http://developer.couchbase.com/documentation/server/current/architecture/core-data-access-buckets.html"
	OPTlanguage = "English",
}

@online{couchbase-database-engine-architecture,
	title = "Couchbase Server Documentation - ``Database engine architecture''",
	date = "12.05.2016",
	url = "http://developer.couchbase.com/documentation/server/current/architecture/db-engine-architecture.html",
	OPTlanguage = "English",
}
